@ARTICLE{Borst2011a,
	author = {Borst, Gr\'{e}goire and Kosslyn, Stephen M. and Kievit, Rogier A. and  Thompson, William L.},
	title = {A fictitious entry to demonstrate complicated bibliographies},
	journal = {Journal of Nothingness},
	year = {2011},
	volume = {1},
	pages = {2--3}
}

@INBOOK{Haybron2008,
	author = {Haybron, Daniel M.},
	title = {Philosophy and the science of subjective well-being},
	editor = {Eid, Michael and Larsen, Randy J.},
	booktitle = {The science of subjective well-being},
	year = {2008},
	pages = {17--43},
	publisher = {Guilford Press},
	address = {New York, NY}
}

@ARTICLE{Herbst-Damm2005,
	author = {Herbst-Damm, Kathryn L. and Kulik, James A.},
	title = {Volunteer support, marital status, and the survival times of terminally ill patients},
	journal = {Health Psychology},
	year = {2005},
	volume = {24},
	pages = {225--229},
	number = {2}
}
@book{galil1986symmetric,
	title={Symmetric public-key encryption},
	author={Galil, Zvi and Haber, Stuart and Yung, Moti},
	year={1986},
	publisher={Springer}
}
@article{agrawal2012comparative,
	title={A comparative survey on symmetric key encryption techniques},
	author={Agrawal, Monika and Mishra, Pradeep},
	journal={International Journal on Computer Science and Engineering},
	volume={4},
	number={5},
	pages={877},
	year={2012},
	publisher={Citeseer}
}
@article{alenezi2020symmetric,
	title={Symmetric encryption algorithms: Review and evaluation study},
	author={Alenezi, Mohammed N and Alabdulrazzaq, Haneen and Mohammad, Nada Q},
	journal={International Journal of Communication Networks and Information Security},
	volume={12},
	number={2},
	pages={256--272},
	year={2020},
	publisher={Kohat University of Science and Technology (KUST)}
}
1
@article{hofstede2017flow,
	title={Flow-based web application brute-force attack and compromise detection},
	author={Hofstede, Rick and Jonker, Mattijs and Sperotto, Anna and Pras, Aiko},
	journal={Journal of network and systems management},
	volume={25},
	pages={735--758},
	year={2017},
	publisher={Springer}
}
@article{stiawan2019investigating,
	title={Investigating brute force attack patterns in IoT network},
	author={Stiawan, Deris and Idris, Mohd Yazid and Malik, Reza Firsandaya and Nurmaini, Siti and Alsharif, Nizar and Budiarto, Rahmat},
	journal={Journal of Electrical and Computer Engineering},
	volume={2019},
	number={1},
	pages={4568368},
	year={2019},
	publisher={Wiley Online Library}
}
@misc{Wikipedia,
	author = {Wikipedians},
	month={4},
	title = {Data Encryption Standard},
	year={2024},
	publisher={Wikipedia contributors}
}
@inproceedings{bovsnjak2018brute,
	title={Brute-force and dictionary attack on hashed real-world passwords},
	author={Bo{\v{s}}njak, Leon and Sre{\v{s}}, J and Brumen, Bosnjak},
	booktitle={2018 41st international convention on information and communication technology, electronics and microelectronics (mipro)},
	pages={1161--1166},
	year={2018},
	organization={IEEE}
}

%Huê
@misc{fips2001197,
	title={197. Advanced Encryption Standard (AES), National Institute of Standards and Technology, US Department of Commerce},
	author={FIPS, PUB},
	year={2001}
}

@article{abdullah2017advanced,
	title={Advanced encryption standard (AES) algorithm to encrypt and decrypt data},
	author={Abdullah, Ako Muhamad and others},
	journal={Cryptography and Network Security},
	volume={16},
	number={1},
	pages={11},
	year={2017}
}
@article{ayankoya2019brute,
	title={Brute-force attack prevention in cloud computing using one-time password and cryptographic hash function},
	author={Ayankoya, Folasade and Ohwo, Blaise},
	journal={International Journal of Computer Science and Information Security (IJCSIS)},
	volume={17},
	number={2},
	pages={7--19},
	year={2019}
}

@inproceedings{vugdelija2021review,
	title={Review of brute-force attack and protection techniques},
	author={Vugdelija, Natalija and Nedeljkovi{\'c}, Nikola and Koji{\'c}, Nenad and Luki{\'c}, Luka and Vesi{\'c}, Milena},
	booktitle={13th International Conference, ICT Innovations 2021},
	pages={220--230},
	year={2021}
}

@inproceedings{ylli2021man,
	title={Man in the Middle: Attack and Protection.},
	author={Ylli, Enkli and Fejzaj, Julian},
	booktitle={RTA-CSIT},
	pages={198--204},
	year={2021}
}
@inproceedings{dhem2000practical,
	title={A practical implementation of the timing attack},
	author={Dhem, Jean-Francois and Koeune, Francois and Leroux, Philippe-Alexandre and Mestr{\'e}, Patrick and Quisquater, Jean-Jacques and Willems, Jean-Louis},
	booktitle={Smart Card Research and Applications: Third International Conference, CARDIS’98, Louvain-la-Neuve, Belgium, September 14-16, 1998. Proceedings 3},
	pages={167--182},
	year={2000},
	organization={Springer}
}
@article{biswas2017survey,
	title={A survey of timing channels and countermeasures},
	author={Biswas, Arnab Kumar and Ghosal, Dipak and Nagaraja, Shishir},
	journal={ACM Computing Surveys (CSUR)},
	volume={50},
	number={1},
	pages={1--39},
	year={2017},
	publisher={ACM New York, NY, USA}
}
@article{saberikamarposhti2024comprehensive,
	title={A comprehensive survey on image encryption: Taxonomy, challenges, and future directions},
	author={SaberiKamarposhti, Morteza and Ghorbani, Amirabbas and Yadollahi, Mehdi},
	journal={Chaos, Solitons \& Fractals},
	volume={178},
	pages={114361},
	year={2024},
	publisher={Elsevier}
}


%hiền
@misc{nordvpn-2024,
	author = {NordVPN},
	month = {2},
	title = {{Chosen plaintext attack definition - Glossary | NordVPN}},
	year = {2024},
	publisher={NordVPN}
}
@misc{hoang-2023,
	author = {Hoang, Le},
	month = {9},
	title = {{Known-plaintext Attacks là gì?}},
	year = {2023},
	publisher={Fiehub}
}
@misc{cqr-2023,
	author = {CQR},
	month = {2},
	title = {{Timing Attacks | CQR}},
	year = {2023},
	publisher = {CQR Company}
}
@misc{trinh-2023,
	author = {Dục Đoàn Trình},
	month = {9},
	title = {{Timing attack là gì?}},
	year = {2023},
	publisher={websitehcm}
}
@misc{leo-2024,
	author = {Leo, Kha},
	month = {6},
	title = {{Security Risk - Timing attack. Khó nhưng hoàn toàn khả thi}},
	year = {2024},
	publisher={Viblo}
}
@misc{wright-2023,
	author = {Wright, Gavin},
	month = {11},
	title = {{Timing attack}},
	year = {2023},
	publisher={TechTarget}
}
@misc{kak2017aes,
	title={AES: The Advanced Encryption Standard lecture notes on Computer and Network Security},
	author={Kak, Avinash},
	year={2017},
	publisher={Lecture8}
}
@INBOOK{Khanh2014,
	author = {Nguyễn Khanh Văn},
	title = {Giáo trình An toàn thông tin},
	year = {2014},
	publisher = {Đại học Bách Khoa Hà Nội},
	address = {Hà Nội, HN}
}
@misc{quan2020,
	author = {Quân, Nguyễn},
	month={4},
	title = {[DES] Thuật toán mã hóa và giải mã DES},
	year={2020},
	publisher={VLSI TECHNOLOGY}
}
@article{dawood2017analytical,
	title={An analytical study for some drawbacks and weakness points of the AES cipher (rijndael algorithm)},
	author={Dawood, Omar A and Hammadi, Othman I},
	journal={Qalaai Zanist Journal},
	volume={2},
	number={2},
	pages={111--118},
	year={2017}
}

@article{hey2002,
	title={A TUTORIAL ON LINEAR AND DIFFERENTIAL CRYPTANALYSIS},
	author={H. M. Heys},
	journal={Cryptologia},
	volume={26},
	number={},
	pages={189–221},
	year={2002}
}
